<record><leader>00000cas a2200000 a 4500</leader><controlfield tag="001">11919949</controlfield><controlfield tag="007">hd afa014baca</controlfield><controlfield tag="008">850415d17471751ctuwr nea     0   a0eng d</controlfield><datafield ind1=" " ind2=" " tag="010"><subfield code="a">sn 93048347 </subfield><subfield code="z">sn 88088067 </subfield></datafield><datafield ind1=" " ind2=" " tag="040"><subfield code="a">NEZ</subfield><subfield code="b">eng</subfield><subfield code="c">NEZ</subfield><subfield code="d">OCL</subfield><subfield code="d">DLC</subfield><subfield code="d">OCL</subfield><subfield code="d">OCLCQ</subfield><subfield code="d">OCLCF</subfield><subfield code="d">OCLCO</subfield><subfield code="d">OCL</subfield><subfield code="d">EUW</subfield><subfield code="d">OCL</subfield></datafield><datafield ind1=" " ind2=" " tag="019"><subfield code="a">18438434</subfield></datafield><datafield ind1=" " ind2=" " tag="042"><subfield code="a">msc</subfield></datafield><datafield ind1=" " ind2=" " tag="043"><subfield code="a">e-uk---</subfield></datafield><datafield ind1="0" ind2="0" tag="050"><subfield code="a">Newspaper</subfield></datafield><datafield ind1=" " ind2=" " tag="092"><subfield code="a">072</subfield><subfield code="b">Ea76, Reel 947</subfield></datafield><datafield ind1="0" ind2="0" tag="245"><subfield code="a">Old England</subfield><subfield code="h">[microform].</subfield></datafield><datafield ind1=" " ind2=" " tag="260"><subfield code="a">London :</subfield><subfield code="b">Printed for J. Purser,</subfield><subfield code="c">-1751.</subfield></datafield><datafield ind1=" " ind2=" " tag="300"><subfield code="a">v.</subfield></datafield><datafield ind1=" " ind2=" " tag="310"><subfield code="a">Weekly</subfield></datafield><datafield ind1="1" ind2=" " tag="362"><subfield code="a">Began July 11, 1747.</subfield></datafield><datafield ind1="0" ind2=" " tag="362"><subfield code="a">-no. 366 (Mar. 30, 1751).</subfield></datafield><datafield ind1=" " ind2=" " tag="515"><subfield code="a">Numbering is erratic.</subfield></datafield><datafield ind1=" " ind2=" " tag="533"><subfield code="a">Microfilm.</subfield><subfield code="b">Woodbridge, Conn. :</subfield><subfield code="c">Research Publications.</subfield><subfield code="e">microfilm reels ; 35 mm.</subfield><subfield code="f">(Early English newspapers ; 947).</subfield></datafield><datafield ind1=" " ind2="0" tag="651"><subfield code="a">Great Britain</subfield><subfield code="x">Politics and government</subfield><subfield code="y">1727-1760</subfield><subfield code="v">Newspapers.</subfield></datafield><datafield ind1=" " ind2="7" tag="650"><subfield code="a">Politics and government</subfield><subfield code="2">fast</subfield><subfield code="0">(OCoLC)fst01919741</subfield></datafield><datafield ind1=" " ind2="7" tag="651"><subfield code="a">Great Britain.</subfield><subfield code="2">fast</subfield><subfield code="0">(OCoLC)fst01204623</subfield></datafield><datafield ind1=" " ind2="7" tag="648"><subfield code="a">1727 - 1760</subfield><subfield code="2">fast</subfield></datafield><datafield ind1=" " ind2="7" tag="655"><subfield code="a">Periodicals</subfield><subfield code="2">fast</subfield><subfield code="0">(OCoLC)fst01411641</subfield></datafield><datafield ind1=" " ind2="7" tag="655"><subfield code="a">Newspapers.</subfield><subfield code="2">fast</subfield><subfield code="0">(OCoLC)fst01423814</subfield></datafield><datafield ind1=" " ind2="0" tag="655"><subfield code="a">Electronic journals.</subfield></datafield><datafield ind1=" " ind2=" " tag="752"><subfield code="a">Great Britain</subfield><subfield code="b">England</subfield><subfield code="d">London.</subfield></datafield><datafield ind1="0" ind2="0" tag="780"><subfield code="t">Old England, or, The Broadbottom journal</subfield></datafield><datafield ind1="0" ind2="0" tag="785"><subfield code="t">Old England, or, The national gazette</subfield><subfield code="w">(DLC)sn 93048313</subfield><subfield code="w">(OCoLC)12939599</subfield></datafield><datafield ind1=" " ind2="0" tag="830"><subfield code="a">Early English newspapers ;</subfield><subfield code="v">947.</subfield></datafield></record>